% Encoding: UTF-8

@Misc{Bibtexkey,
  author = {Lastname Firstname},
  title  = {Misc Composition},
  year   = {2017},
}

@Comment{jabref-meta: databaseType:biblatex;}
